@inproceedings{alex1,  
	keywords={key1},
	author={Surname, N. and Surname1, N.}, 
	AUTHOR+an = {1=highlight}, 
	booktitle={Book Title 1 with KEY1},  
	title={Article 1 Title},   
	series = {series},
	year={2018},  
	volume={},  
	number={},  
	pages={3622-3627},
	doi={}
}

@inproceedings{alex2,  
	keywords={key1},
	author={Surname, N. and Surname1, N. and Surname2, N.}, 
	AUTHOR+an = {1=highlight}, 
	booktitle={Book Title 2 with KEY1},  
	title={Article 2 Title},   
	series = {series},
	year={2018},  
	volume={},  
	number={},  
	pages={3622-3627},
	doi={}
}


@inproceedings{alex3,  
	keywords={key2},
	author={Surname, N. and Surname1, N.}, 
	AUTHOR+an = {1=highlight}, 
	booktitle={Book Title 3 with KEY2},  
	title={Article 3 Title},   
	series = {series},
	year={2018},  
	volume={},  
	number={},  
	pages={3622-3627},
	doi={}
}

@inproceedings{alex4,  
	keywords={key2},
	author={Surname, N. and Surname1, N. and Surname2, N.}, 
	AUTHOR+an = {1=highlight}, 
	booktitle={Book Title 4 with KEY2},  
	title={Article 4 Title},   
	series = {series},
	year={2018},  
	volume={},  
	number={},  
	pages={3622-3627},
	doi={}
}

